@misc{rysavy,
  author="O. Ryšavý, J. Ráb",
  title="{IPK - BSD schránky - 3. přednáška}",
  note="Dostupné online pro studenty VUT FIT předmětu IPK - BSD schránky - 3. přednáška"
}
@misc{sollins,
  author="K. Sollins",
  title="{The TFTP Protocol (revision 2)}",
  note="Dostupné online https://tools.ietf.org/html/rfc1350"
}
